% This file was created with JabRef 2.9.2.
% Encoding: ASCII

@ARTICLE{ImageNet2009,
  author = {Deng, J. and Dong, W. and Socher, R. and Li, L.-J. and Li, K. and Fei-Fei, L.},
  title = {{ImageNet: A large-scale hierarchical image database}},
  journal = {Computer Vision and Pattern Recognition (CVPR)},
  year = {2009},
  doi = {10.1109/CVPR.2009.5206848}
}

@ARTICLE{Goodfellow2014,
  author = {Goodfellow, I. J. and Pouget-Abadie, J. and Mirza, M. and Xu, B. and Warde-Farley, D. and Ozair, S. and Courville, A. and Bengio, Y.},
  title = {{Generative adversarial networks}},
  journal = {Advances in Neural Information Processing Systems 27 (NIPS 2014)},
  year = {2014},
  url = {https://arxiv.org/abs/1406.2661}
}

@ARTICLE{ResNet2015,
  author = {He, K. and Zhang, X. and Ren, S. and Sun, J.},
  title = {{Deep residual learning for image recognition}},
  journal = {arXiv:1512.03385},
  year = {2015},
  url = {https://arxiv.org/abs/1512.03385}
}

@PHDTHESIS{Karpathy2016,
  author = {A. Karpathy},
  title = {{Connecting images and natural language}},
  school = {Stanford},
  year = {2016}
}

@ARTICLE{Karras2018,
  author = {Karras, T. and Aila, T. and Laine, S. and Lehtinen, J.},
  title = {{Progressive growing of GANs for improved quality, stability, and variation}},
  journal = {Sixth International Conference on Learning Representations (ICLR)},
  year = {2018},
  url = {https://arxiv.org/abs/1710.10196}
}

@ARTICLE{Karras2019,
  author = {Karras, T. and Laine, S. and Aila, T.},
  title = {{A style-based generator architecture for generative adversarial networks}},
  journal = {2019 Conference on Computer Vision and Pattern Recognition},
  year = {2019},
  url = {https://arxiv.org/abs/1812.04948}
}

@ARTICLE{KingmaWelling2014,
  author = {Kingma, D. P. and Welling, M.},
  title = {{Auto-encoding variational Bayes}},
  journal = {Proceedings of the 2nd International Conference on Learning Representations
	(ICLR)},
  year = {2014},
  url = {https://arxiv.org/abs/1312.6114}
}

@INPROCEEDINGS{KSH2012,
  author = {Krizhevsky, A. and Sutskever, I. and Hinton, G. E.},
  title = {{ImageNet classification with deep convolutional neural networks}},
  booktitle = {NIPS'12 Proceedings of the 25th International Conference on Neural Information Processing Systems},
  year = {2012},
  pages = {1097--1105},
  journal = {NIPS},
  url = {https://dl.acm.org/citation.cfm?id=2999134.2999257}
}

@ARTICLE{LRMD2012,
  author = {Le, Q. and Ranzato, M. and Monga, R. and Devin, M. and Chen, K. and Corrado, G. and Dean, J. and Ng, A.},
  title = {{Building high-level features using large scale unsupervised learning}},
  year = {2012}
}

@INPROCEEDINGS{Mnih2016,
  author = {Mnih, V. and Badia, A. P. and Mirza, M. and Graves, A. and Lillicrap, T. and Harley, T. and Silver, D. and Kavukcuoglu, K.},
  title = {{Asynchronous methods for deep reinforcement learning}},
  booktitle = {Proceedings of The 33rd International Conference on Machine Learning},
  year = {2016},
  volume = {48},
  series = {Proceedings of Machine Learning Research},
  pages = {1928--1937},
  url = {https://arxiv.org/abs/1602.01783}
}

@ARTICLE{Mnih2015,
  author = {Mnih, V. and Kavukcuoglu, K. and Silver, D. and Rusu, A. A. and Veness, J. and Bellemare, M. G. and Graves, A. and Riedmiller, M. and Fidjeland, A. K. and Ostrovski, G. and Petersen, S. and Beattie, C. and Sadik, A. and Antonoglou, I. and King, H. and Kumaran, D. and Wierstra, D. and Legg, S. and Hassabis, D.},
  title = {{Human-level control through deep reinforcement learning}},
  journal = {Nature},
  year = {2015},
  volume = {518},
  pages = {529},
  doi = {10.1038/nature14236}
}

@INPROCEEDINGS{Oord2016,
  author = {van den Oord, A. and Kalchbrenner, N. and Kavukcuoglu, K.},
  title = {{Pixel recurrent neural networks}},
  booktitle = {ICML'16 Proceedings of the 33rd International Conference on International Conference on Machine Learning},
  year = {2016},
  volume = {48},
  pages = {1747--1756},
  url = {https://arxiv.org/abs/1601.06759}
}

@ARTICLE{ILSVRC15,
  author = {Russakovsky, O. and Deng, J. and Su, H. and Krause, J. and Satheesh, S. and Ma, S. and Huang, Z. and Karpathy, A. and Khosla, A. and Bernstein, M. and Berg, A. C. and Fei-Fei, L.},
  title = {{ImageNet Large scale visual recognition challenge}},
  journal = {International Journal of Computer Vision (IJCV)},
  year = {2015},
  volume = {115},
  pages = {211--252},
  doi = {10.1007/s11263-015-0816-y}
}

@BOOK{RussellNorvig,
  title = {{Artificial Intelligence: A Modern Approach (3rd edition)}},
  publisher = {Prentice Hall},
  year = {2009},
  author = {Russell, S. and Norvig, P.}
}

@ARTICLE{AlphaGo2016,
  author = {Silver, D. and Huang, A. and Maddison, C. J. and Guez, A. and Sifre, L. and van den Driessche, G. and Schrittwieser, J. and Antonoglou, I. and Panneershelvam, V. and Lanctot, M. and Dieleman, S. and Grewe, D. and Nham, J. and Kalchbrenner, N. and Sutskever, I. and Lillicrap, T. and Leach, M. and Kavukcuoglu, K. and Graepel, T. and Hassabis, D.},
  title = {{Mastering the game of Go with deep neural networks and tree search}},
  journal = {Nature},
  year = {2016},
  volume = {529},
  pages = {484},
  doi = {10.1038/nature16961}
}

@ARTICLE{AlphaGoZero2017,
  author = {Silver, D. and Schrittwieser, J. and Simonyan, K. and Antonoglou, I. and Huang, A. and Guez, A. and Hubert, T. and Baker, L. and Lai, M. and Bolton, A. and Chen, Y. and Lillicrap, T. and Hui, F. and Sifre, L. and van den Driessche, G. and Graepel, T. and Hassabis, D.},
  title = {{Mastering the game of Go without human knowledge}},
  journal = {Nature},
  year = {2017},
  volume = {550},
  pages = {354},
  doi = {10.1038/nature24270}
}

@ARTICLE{SimonyanZisserman2014,
  author = {Simonyan, K. and Zisserman, A.},
  title = {{Very deep convolutional networks for large-scale image recognition}},
  journal = {arXiv:1409.1556},
  year = {2014},
  url = {https://arxiv.org/abs/1409.1556}
}

@BOOK{SuttonBarto,
  title = {{Reinforcement Learning: An Introduction (2nd edition)}},
  publisher = {MIT Press},
  year = {2018},
  author = {Sutton, R. S. and Barto, A. G.}
}

@INPROCEEDINGS{GoogLeNet2015,
  author = {Szegedy, C. and Liu, W. and Jia, Y. and Sermanet, P. and Reed, S. and Anguelov, D. and Erhan, D. and Vanhoucke, V. and Rabinovich, A.},
  title = {{Going deeper with convolutions}},
  booktitle = {Computer Vision and Pattern Recognition (CVPR)},
  year = {2015},
  url = {https://arxiv.org/abs/1409.4842}
}

@ARTICLE{WatkinsDayan1992,
  author = {Watkins, C. J. and Dayan, P.},
  title = {{Technical note: Q-learning}},
  journal = {Machine Learning},
  year = {1992},
  volume = {8},
  pages = {279--292},
  doi = {10.1023/A:1022676722315}
}

@ARTICLE{Williams1992,
  author = {Williams, R. J.},
  title = {{Simple statistical gradient-following algorithms for connectionist reinforcement learning}},
  journal = {Machine Learning},
  year = {1992},
  volume = {8},
  pages = {229--256},
  doi = {10.1007/BF00992696}
}

@ARTICLE{ZophLe2016,
  author = {Zoph, B. and Le, Q. V.},
  title = {{Neural architecture search with reinforcement learning}},
  journal = {arXiv:1611.01578},
  year = {2016},
  url = {https://arxiv.org/abs/1611.01578}
}

